%% https://de.wikipedia.org/wiki/BibTeX
%%Literatur-------------------------------------------------------------------------------------------------------
%% , Claus Pahl, Nabor C. Mendonca, James Lewis, Stefan Tilkov
@article{ieeeJournal2018,
	author = {Pooyan Jamshidi},
	title = {Microservices},
	journaltitle = {IEEE Software},
	month = {5},
	year = {2018},
	subtitle = {The journey so far and challenges ahead},
	keywords = {lit},
	language = {english}
}

@book{Richardson2018,
	author = {Chris Richardson},
	title = {Microservices Patterns},
	month = {10},
	year = {2018},
	publisher = {manning publications},
	isbn = {9781617294549},
	pages = {477},
	url = {https://www.manning.com/books/microservices-patterns},
	urldate = {2018-10-01},
	keywords = {lit},
	language = {english}
}

@book{Jones1998,
	author = {Capers Jones},
    title = {Estimating Software Costs},
    year = {1998},
    keywords = {lit},
	language = {english}
 }
 
 @article{zimmermann2017N1, 
    author={C. Pautasso and O. Zimmermann and M. Amundsen and J. Lewis and N. Josuttis}, 
    journal={IEEE Software},
    title={Microservices in Practice, Part 1: Reality Check and Service Design}, 
    year={2017}, 
    volume={34}, 
    number={1}, 
    pages={91-98}, 
    keywords={service-oriented architecture;software architecture;software development;service-oriented architecture;microservices;service design;SOA;Service-oriented architecture;Software engineering;Semiconductor optical amplifiers;Computer architecture;Context modeling;Writing;Software development;microservices;service-oriented architecture;SOA;domain-driven design;DDD;Conway's law;Extreme Programming;XP;Mike Amundsen;James Lewis;Nicolai Josuttis;software engineering;software development}, 
    doi={10.1109/MS.2017.24}, 
    ISSN={0740-7459}, 
    month={Jan},
	language = {english}
}
 
 @article{zimmermann2017N2,
    author={C. Pautasso and O. Zimmermann and M. Amundsen and J. Lewis and N. Josuttis},
    journal={IEEE Software},
    title={Microservices in Practice, Part 2: Service Integration and Sustainability},
    year={2017},
    volume={34},
    number={2},
    pages={97-104},
    keywords={service-oriented architecture;sustainable development;microservices;service integration;sustainability;service-oriented architecture;SOA;Service-oriented architecture;Protocols;Data models;Semantics;Sustainable development;microservices;service-oriented architecture;SOA;domain-driven design;DDD;enterprise service bus;HTTP;Mike Amundsen;James Lewis;Nicolai Josuttis;software engineering;software development},
    doi={10.1109/MS.2017.56},
    ISSN={0740-7459},
    month={Mar},
	language = {english}
}

@book{ECMA2017,
    author={JSON specification committee},
    title={The JSON Data Interchange Syntax},
    publisher={ECMA},
    year={2017},
    month={12},
	language = {english}
}

@book{Gamma1995,
publisher = {Addison-Wesley Professional},
isbn = {0-201-63361-2},
year = {1994},
title = {Design patterns},
language = {eng},
keywords = {Information Technology -- General and Others},
}

@book{MartinRobertC2014,
series = {Robert C. Martin series},
publisher = {Prentice Hall},
isbn = {978-0-13-235088-4},
year = {2014},
title = {Clean code : a handbook of agile software craftsmanship},
edition = {13th printing},
language = {eng},
address = {Upper Saddle River, N.J},
author = {Martin, Robert C and Feathers, Michael C},
keywords = {CODING (SOFTWARE ENGINEERING): 004*04*04*04},
}

@book{Curry2005,
author = {Curry, Edward},
publisher = {John Wiley & Sons, Ltd},
isbn = {9780470862087},
title = {Message-Oriented Middleware},
booktitle = {Middleware for Communications},
chapter = {1},
pages = {1-28},
doi = {10.1002/0470862084.ch1},
url = {https://onlinelibrary.wiley.com/doi/abs/10.1002/0470862084.ch1},
eprint = {https://onlinelibrary.wiley.com/doi/pdf/10.1002/0470862084.ch1},
year = {2005},
keywords = {Quality-of-Service (QoS), remote procedure call (RPC), Message-Oriented Middleware (MOM), message queue, point-to-point messaging model, hierarchical channels, message filtering, transactional messaging, load balancing, Service-Oriented Architectures (SOA)},
abstract = {Summary This chapter contains sections titled: Introduction Message Queues Messaging Models Common MOM Services Java Message Service Service-Oriented Architectures Summary Bibliography}
}

@book{Hunt2008,
publisher = {Addison-Wesley},
isbn = {0-201-61622-X},
year = {2008},
title = {The pragmatic programmer : from journeyman to master},
edition = {[22nd printing]},
language = {eng},
address = {Boston},
author = {Hunt, Andrew and Thomas, David},
keywords = {PROGRAMMING METHODS + PROGRAMMING TECHNIQUES: 004*04*03},
}


%%Online-------------------------------------------------------------------------------------------------------
@online{W3C2001,
    author={User Sandro},
    title={REST - Semantic Web Standards},
    publisher={W3C},
    year={2001},
    url = {https://www.w3.org/2001/sw/wiki/REST},
	language = {english}
}

@online{cockcroft2016,
	author = {A. Cockcroft},
	title = {The Evolution of Microservices},
	url = {learning.acm.org/webinar_pdfs/EvolutionOfMicroservices_WebinarSlides.pdf},
	OPTnote = {presentation at 2016 ACM Lerning Webinar},
	OPTorganization = {ACM},
	year = {2016},
	language = {english}
}

@online{Richardson2016Source,
    author = {C. Richardson},
    title = {Source Code Repository of Book "Microservices Patterns"},
    url = {https://github.com/microservices-patterns/ftgo-application},
    year = {2018},
    keywords = {online},
	language = {english}
}

@online{ExpressJS2010,
    author = {ExpressJS},
    title = {Express - Node.js web application framework},
    url = {https://expressjs.com/},
    year = {2010},
    keywords = {online},
	language = {english}
}

@online{ISO25010,
    author = {ISO 25010 committee},
    title={ISO 25010},
    url={https://iso25000.com/index.php/en/iso-25000-standards/iso-25010?limit=3&limitstart=0},
    year = {2018},
    keywords = {online, figure},
	language = {english}
}

@online{RichardsonDecomposeBusiness,
    author={C. Richardson},
    title={Decompose by business capability},
    url={https://microservices.io/patterns/decomposition/decompose-by-business-capability.html},
    year = {2018},
    keywords = {online, pattern},
	language = {english}
}

@online{DellERC2012,
    author={Charles Fan},
    title={CRAP and CRUD: From Database to Datacloud},
    url={https://blog.dellemc.com/en-us/crap-and-crud-from-database-to-datacloud/},
    year = {2012},
    keywords = {online},
	language = {english}
}

@online{Springfox2012,
    author={Springfox},
    title={Springfox: Automated JSON API documentation for API's built with Spring},
    url={https://github.com/springfox/springfox},
    year = {2012},
    keywords = {online, project},
	language = {english}
}

@online{Springfox2018,
    author={Juan Liska},
    title={Issue \#1773 - Spring 5 support},
    url={https://github.com/springfox/springfox/issues/1773},
    year = {2018},
    keywords = {online},
	language = {english}
}

@online{WebClient2018,
    author={Spring},
    title={Web on Reactive Stack},
    url={https://docs.spring.io/spring/docs/current/spring-framework-reference/web-reactive.html#webflux-client},
    year = {2018},
    keywords = {online},
	language = {english}
}

@online{CORS2018,
    author={MDN},
    title={Cross-Origin Resource Sharing (CORS) - HTTP | MDN},
    url={https://developer.mozilla.org/en-US/docs/Web/HTTP/CORS},
    year = {2018},
    keywords = {online},
	language = {english}
}

@online{FowlerDTO,
    author={Martin Fowler},
    title={P of EAA: Data Transfer Objects},
    url={https://martinfowler.com/eaaCatalog/dataTransferObject.html},
    keywords = {online},
	language = {english},
	year = {2003}
}

@online{Söderlund2017,
    author={Tom Söderlund},
    title={Micro frontends—a microservice approach to front-end web development},
    url={https://medium.com/@tomsoderlund/micro-frontends-a-microservice-approach-to-front-end-web-development-f325ebdadc16},
    keywords = {online},
	language = {english},
	year = {2017}
}

@online{Angular2018,
    author={AngularJS},
    title={AngularJS},
    url={https://angular.io/},
    year={2018},
    keywords = {oneline},
	language = {english}
}
@online{LandingZones2011,
    author={Rebecca  Wirfs-Brock},
    title={Introducing Landing Zones},
    url={http://wirfs-brock.com/blog/2011/07/20/introducing-landing-zones/},
    year={2011},
    month={7},
    dayOfMonth={20},
	language = {english}
}

@online{microservicemanifesto,
    author={Chase Aucoin},
    title={The Microservice Manifesto},
    url={http://microservicemanifesto.com/},
    year={2018},
    language={english}
}

@online{mdnIFrame,
    author={MDN},
    title={<iframe>: The Inline Frame element},
    url={https://developer.mozilla.org/en-US/docs/Web/HTML/Element/iframe},
    year={2018},
    language={english}
}

@online{thymeleafURLtemplate,
    author={Thymeleaf},
    title={Tutorial: Using Thymeleaf},
    url={https://www.thymeleaf.org/doc/tutorials/3.0/usingthymeleaf.html#template-resolvers},
    year={2018},
    month={10},
    dayOfMonth={29},
    language={english}
}

@online{W3CCSS,
    author={W3C},
    title={CSS Current Status - W3C},
    url={https://www.w3.org/standards/techs/css#w3c_all},
    year={2018},
    month={11},
    dayOfMonth={8},
    language={english}
}

@online{microservicesio,
    author={Chris Richardson},
    title={What are microservices?},
    url={https://microservices.io/},
    year = {2018},
    keywords = {online, pattern},
	language = {english}
}

@online{RichardsonFragment,
    author={Chris Richardson},
    title={Server-side fragment composition},
    url={https://microservices.io/patterns/ui/server-side-page-fragment-composition.html},
    year = {2018},
    keywords = {online, pattern},
	language = {english}
}

@online{RichardsonFrontend,
    author={Chris Richardson},
    title={Client-side ui composition},
    url={https://microservices.io/patterns/ui/client-side-ui-composition.html},
    year = {2018},
    keywords = {online, pattern},
	language = {english}
}

@online{RichardsonAPIGateway,
    author={Chris Richardson},
    title={API gateway pattern},
    url={https://microservices.io/patterns/apigateway.html},
    year = {2018},
    keywords = {online, pattern},
	language = {english}
}

@online{RichardsonBFF,
    author={Chris Richardson},
    title={Backend for Frontend pattern},
    url={https://microservices.io/patterns/apigateway.html},
    year = {2018},
    keywords = {online, pattern},
	language = {english}
}

@online{PolymerHomepage,
    author={Google},
    title={Polymer Project},
    url={https://www.polymer-project.org/},
    year={2018},
    keyword = {homepage, frontend, pattern},
    language = {english}
}

@online{mdnWebComponents,
    author={MDN},
    title={Web Components},
    url={https://developer.mozilla.org/en-US/docs/Web/Web_Components},
    year={2018},
    language={english}
}

@online{newman2015,
    author={Sam Newman},
    title={Backends for Frontends},
    url={https://samnewman.io/patterns/architectural/bff/},
    year={2015},
    month={11},
    dayOfMonth={18},
    keywords={pattern, backend},
    language={english}
}

@online{IetfTls,
    author={IETF},
    url={https://datatracker.ietf.org/doc/rfc8446/},
    year={2018},
    month={12},
    dayOfMonth={19},
    keywords={specification, ietf},
    language={english}
}

@online{MSDNCaching,
    author={Abhijit Gadkari},
    url={https://msdn.microsoft.com/en-us/library/dd129907.aspx?f=255&MSPPError=-2147217396}
}

@online{w3cHTML52,
    author={W3C},
    url={https://www.w3.org/TR/html/},
    year={2017},
    month={12},
    dayOfMonth={14}
}

@online{reactState,
    author={Facebook},
    url={http://www.reactjs.org/docs/state-and-lifecycle.html},
    year={2018}
}

@online{w3cHtmlImports,
    author={W3C},
    url={https://w3c.github.io/webcomponents/spec/imports/},
    year={2018},
    month={10},
    dayOfMonth={23},
    publisher={W3C},
    language={english}
}

@online{w3cEsi,
    author={W3C},
    url={https://www.w3.org/TR/esi-lang},
    year={2001},
    month={08},
    dayOfMonth={04},
    publisher={W3C},
    language={english}
}    

@online{FastlyESI,
    author={Simon Wistow},
    url={https://www.fastly.com/blog/using-esi-part-1-simple-edge-side-include},
    year={2014},
    month={08},
    dayOfMonth={27},
    publisher={fastly},
    language={english}
}

@online{MicrosoftWCF,
    author={Microsoft},
    url={https://docs.microsoft.com/en-us/dotnet/framework/wcf/servicemodel-metadata-utility-tool-svcutil-exe},
    year={2017},
    month={03},
    dayOfMonth={30},
    publisher={Microsoft},
    language={english}
}


%%Abbildungen-------------------------------------------------------------------------------------------------------

%%Presentations--------------------------------------------------------------------------------------------------